<?xml version="1.0" encoding="UTF-8"?><record xmlns="http://www.loc.gov/MARC21/slim" xmlns:cinclude="http://apache.org/cocoon/include/1.0" xmlns:zs="http://www.loc.gov/zing/srw/">
  <leader>00393nz  a2200145n  4500</leader>
  <controlfield tag="001">no2010025518</controlfield>
  <controlfield tag="003">DLC</controlfield>
  <controlfield tag="005">20100216074838.0</controlfield>
  <controlfield tag="008">100214n| acannaabn          |a ana     c</controlfield>
  <datafield tag="010" ind1=" " ind2=" ">
    <subfield code="a">no2010025518</subfield>
  </datafield>
  <datafield tag="035" ind1=" " ind2=" ">
    <subfield code="a">(OCoLC)oca08394645</subfield>
  </datafield>
  <datafield tag="040" ind1=" " ind2=" ">
    <subfield code="a">MoKU-MAV</subfield>
    <subfield code="b">eng</subfield>
    <subfield code="c">MoKU-MAV</subfield>
  </datafield>
  <datafield tag="110" ind1="2" ind2=" ">
    <subfield code="a">Hainesmen</subfield>
  </datafield>
  <datafield tag="500" ind1="1" ind2=" ">
    <subfield code="a">Haines, Connie,</subfield>
    <subfield code="d">1921-2008</subfield>
  </datafield>
  <datafield tag="670" ind1=" " ind2=" ">
    <subfield code="a">Haines, C. Connie Haines [SR] 195-:</subfield>
    <subfield code="b">label (Hainesmen)</subfield>
  </datafield>
</record>